@misc{ref1,
      title={PlaceHolder}, 
      author={PlaceHolder},
      year={PlaceHolder},
      eprint={PlaceHolder},
      archivePrefix={PlaceHolder},
      primaryClass={PlaceHolder}
}

@misc{c1,
      title={PlaceHolder}, 
      author={PlaceHolder},
      year={PlaceHolder},
      eprint={PlaceHolder},
      archivePrefix={PlaceHolder},
      primaryClass={PlaceHolder}
}



